@article{disentangling-crypto-coin-mining,
    author = "Peter Todd",
    title = "Disentangling Crypto-Coin Mining: Timestamping, Proof-of-Publication, and Validation",
    year = 2013,
    month = "November",
    journal = "Bitcoin-development Mailing List",
}
@misc{revocation-transparency-sparse-merkle-tree,
    author = {Ben Laurie, Emilia Kasper},
    title = {Revocation Transparency},
    year = 2012,
    note = "\url{http://sump2.links.org/files/RevocationTransparency.pdf}",
}
@INPROCEEDINGS{miller14gpads,
  AUTHOR = {Andrew Miller and Michael Hicks and Jonathan Katz and Elaine Shi},
  TITLE = {Authenticated Data Structures, Generically},
  BOOKTITLE = {Proceedings of the {ACM} Conference on
    Principles of Programming Languages (POPL)},
  MONTH = JAN,
  YEAR = 2014,
  NOTE = {To appear}
}
